@article{WaZh,
  author = {Wang, Congmao and Zhang, Dabing},
  title = {A novel compression tool for efficient storage of genome resequencing data},
  journal = {Nucleic Acids Research},
  year = {2011},
  volume = {39},
  pages = {},
}
@article{FriLeiCho,
  author = {Fritz, Markus Hsi-Yang and Leinonen, Rasko and Cochrane, Guy \emph{et al.}},
  title = {Efficient storage of high throughput DNA sequencing data using reference-based compression},
  journal = {Genome Research},
  year = {2011},
}
@article{Kur,
  author = {Kuruppu, Shanika and Beresford-Smith, Bryan and Conway, Thomas and Zobel, Justin},
  title = {Iterative Dictionary Construction for Compression of Large DNA Datasets},
  journal = {IEEE Transactions on Computational Biology and Bioinformatics},
  year = {2011},
}
@article{DeoGra,
  author = {Deorowicz, Sebastian and Grabowski, Szymon},
  title = {Robust Relative Compression of Genomes with Random Access},
  journal = {Bioinformatics Advance Access},
  year = {2011},
}
@article{LohBamBer,
  author = {Loh, Po-Ru and Baym, Michael and Berger, Bonnie},
  title = {Compressive Genomics},
  journal = {Computational Biology},
  year = {2012},
  volume = {30},
  pages = {627--630},
}
@article{huff,
  author = {Huffman, D. A.},
  title = {A Method for the Construction of Minimal Redundancy Codes},
  journal = {Proceedings of the I.R.E.},
  year = {1952},
  pages = {1098--1101},
}
@article{Gol,
  author = {Golomb, S.W.},
  title = {Run-Length Encodings},
  journal = {IEEE Transactions on Information Theory},
  year = {1966},
}
@article{HapMap09,
  author = {Duck, Huey and Duck, Dewey and Duck, Louie},
  title = {Getting More Badges},
  journal = {Nucleic Acids Research},
  year = {2011},
  volume = {39},
  pages = {53--86},
}
@article{articleex,
  author = {Duck, Huey and Duck, Dewey and Duck, Louie},
  title = {Getting More Badges},
  journal = {Nucleic Acids Research},
  year = {2011},
  volume = {39},
  pages = {53--86},
}
@BOOK{bookex,
  title = {The Hitchhikers's Guide to the Galaxy},
  publisher = {Megadodo Publications},
  author = {many},
  address = {Ursa Minor},
}
@MISC{GremmeGenometools,
  author = {Gremme, Gordon},
  title = {{G}enome{T}ools},
  howpublished = {\url{http://genometools.org}},
  owner = {satta},
  timestamp = {2008.04.27}
}
@mastersthesis{sascha,
	title = {{Improving de novo LTR Retrotransposon Identifikation}},
	author = {Sascha Steinbiss},
	address = {{Bundesstrasse 43, 20146 Hamburg}},
	school = {{University of Hamburg, Center for Bioinformatics (ZBH)}},
	year = {{2008}},
}
@Unpublished{KurtzEAS,
	Note = {{Lecture notes of ’Efficient Algorithms on Sequences’, winter semester 2006/2007}},
	Owner = {{satta}},
	Timestamp = {{2008.05.08}},
	author = {Kurtz, S.},
	title = {{Modeling Contexts in Sequences}},
	year = {{2006}},
}
@misc{xkcd,
	author = {Randal Munroe},
	title = {{xkcd A Webcomic of Romance, Sarcasm, Math, and Language}},
	howpublished = {\url{http://www.xkcd.com}},
}
